@article{lopez2022quantile,
	title={Quantile-based fuzzy clustering of multivariate time series in the frequency domain},
	author={L{\'o}pez-Oriona, {\'A}ngel and Vilar, Jos{\'e} A and D'Urso, Pierpaolo},
	journal={Fuzzy Sets and Systems},
	volume={443},
	pages={115--154},
	year={2022},
	publisher={Elsevier}
}

@article{lopez2021quantile,
	title={Quantile cross-spectral density: A novel and effective tool for clustering multivariate time series},
	author={L{\'o}pez-Oriona, {\'A}ngel and Vilar, Jos{\'e} A},
	journal={Expert Systems with Applications},
	volume={185},
	pages={115677},
	year={2021},
	publisher={Elsevier}
}

@article{musau2022clustering,
	title={Clustering of bivariate satellite time series: A quantile approach},
	author={Musau, Victor Muthama and Gaetan, Carlo and Girardi, Paolo},
	journal={Environmetrics},
	volume={33},
	number={7},
	pages={e2755},
	year={2022},
	publisher={Wiley Online Library}
}

@article{fraley1998many,
	title={How many clusters? Which clustering method? Answers via model-based cluster analysis},
	author={Fraley, Chris and Raftery, Adrian E},
	journal={The computer journal},
	volume={41},
	number={8},
	pages={578--588},
	year={1998},
	publisher={Oxford University Press}
}
@article{biernacki2000assessing,
	title={Assessing a mixture model for clustering with the integrated completed likelihood},
	author={Biernacki, Christophe and Celeux, Gilles and Govaert, G{\'e}rard},
	journal={IEEE transactions on pattern analysis and machine intelligence},
	volume={22},
	number={7},
	pages={719--725},
	year={2000},
	publisher={IEEE}
}